@book{stein,
    author    = "Louis H.Y Chen{,} Larry Goldstein{,} and Qi-Man Shao",
    title     = "Normal Approximation by Stein Method",
    year      = "2011",
    publisher = "Springer"
}
@unpublished{EMD,
    author =       "Elizaveta Levina{,} Peter Bickel",
    title =        "The Earth Mover's Distance is the Mallows Distance: Some Insights from Statistics",
    note = {Unpublished paper}
}
@online{CLT,
  author = {Gregory Valiant},
  title = {Stein's Method},
  year = 2014,
  url = {http://theory.stanford.edu/~valiant/teaching/CS362/cs362_steins.pdf},
  urldate = {04-03-2016}
}
@online{WM,
  title = {Wasserstein Metric},
  url = {https://en.wikipedia.org/wiki/Wasserstein_metric},
  urldate = {04-03-2016}
}
@article{steinf,
   author = {Nathan Ross},
   title = {Fundamentals of Stein's method},
   journal = {Probability Surveys},
   volume = {8},
   year = {2011},
}
